<record><leader>00000cas a22000007a 4500</leader><controlfield tag="001">10885720</controlfield><controlfield tag="008">840626d1858186ucaudn ne      0    0eng d</controlfield><datafield ind1=" " ind2=" " tag="010"><subfield code="a">sn 84027050 </subfield></datafield><datafield ind1=" " ind2=" " tag="040"><subfield code="a">NPU</subfield><subfield code="b">eng</subfield><subfield code="c">NPU</subfield><subfield code="d">NYS</subfield><subfield code="d">MGN</subfield><subfield code="d">CNK</subfield><subfield code="d">OCL</subfield><subfield code="d">OCLCQ</subfield><subfield code="d">OCLCF</subfield><subfield code="d">CNK</subfield><subfield code="d">OCLCO</subfield></datafield><datafield ind1="1" ind2=" " tag="029"><subfield code="a">AU@</subfield><subfield code="b">000020231781</subfield></datafield><datafield ind1=" " ind2=" " tag="042"><subfield code="a">msc</subfield></datafield><datafield ind1=" " ind2=" " tag="043"><subfield code="a">n-us-ca</subfield></datafield><datafield ind1="0" ind2=" " tag="130"><subfield code="a">San Francisco daily times (San Francisco, Calif. : 1858)</subfield></datafield><datafield ind1="1" ind2="0" tag="245"><subfield code="a">San Francisco daily times.</subfield></datafield><datafield ind1="1" ind2="3" tag="246"><subfield code="a">Daily times and town talk</subfield><subfield code="f">Jan. 1-Nov. 2, 1858</subfield></datafield><datafield ind1="1" ind2="7" tag="246"><subfield code="a">Daily San Francisco times</subfield></datafield><datafield ind1="3" ind2="0" tag="246"><subfield code="a">San Francisco times</subfield></datafield><datafield ind1=" " ind2=" " tag="260"><subfield code="a">San Francisco, Calif. :</subfield><subfield code="b">Conklin &amp; Haskin</subfield></datafield><datafield ind1=" " ind2=" " tag="300"><subfield code="a">v. ;</subfield><subfield code="c">61 cm.</subfield></datafield><datafield ind1=" " ind2=" " tag="310"><subfield code="a">Daily (except Sun.)</subfield></datafield><datafield ind1="0" ind2=" " tag="362"><subfield code="a">Vol. 7, no. 44 (Jan. 1, 1858)-</subfield></datafield><datafield ind1=" " ind2=" " tag="500"><subfield code="a">"San Francisco" appears above masthead ornament.</subfield></datafield><datafield ind1=" " ind2=" " tag="580"><subfield code="a">Weekly ed.: Weekly times (San Francisco, Calif.).</subfield></datafield><datafield ind1=" " ind2=" " tag="530"><subfield code="a">Master negatives are available for duplication from:</subfield><subfield code="b">California Newspaper Microfilm Archive;</subfield><subfield code="c">for further information consult the CNMA at:</subfield><subfield code="u">http://cbsr.ucr.edu.</subfield></datafield><datafield ind1=" " ind2="0" tag="651"><subfield code="a">San Francisco (Calif.)</subfield><subfield code="v">Newspapers.</subfield></datafield><datafield ind1=" " ind2="7" tag="651"><subfield code="a">California</subfield><subfield code="z">San Francisco.</subfield><subfield code="2">fast</subfield><subfield code="0">(OCoLC)fst01204481</subfield></datafield><datafield ind1=" " ind2="7" tag="655"><subfield code="a">Newspapers.</subfield><subfield code="2">fast</subfield><subfield code="0">(OCoLC)fst01423814</subfield></datafield><datafield ind1=" " ind2=" " tag="752"><subfield code="a">United States</subfield><subfield code="b">California</subfield><subfield code="c">San Francisco</subfield><subfield code="d">San Francisco.</subfield></datafield><datafield ind1="1" ind2=" " tag="775"><subfield code="t">Weekly times (San Francisco, Calif.)</subfield><subfield code="w">(DLC)sn 82015089</subfield></datafield><datafield ind1="0" ind2=" " tag="775"><subfield code="t">San Francisco steamer times</subfield><subfield code="w">(DLC)sn 93052672</subfield></datafield><datafield ind1="0" ind2=" " tag="775"><subfield code="t">Steamer times</subfield><subfield code="w">(DLC)sn 85025312</subfield></datafield><datafield ind1="0" ind2="0" tag="780"><subfield code="t">Daily San Francisco times and town talk</subfield><subfield code="w">(DLC)sn 82015101</subfield></datafield><datafield ind1="0" ind2="8" tag="776"><subfield code="i">Online version:</subfield><subfield code="t">San Francisco daily times (San Francisco, Calif. : 1858)</subfield><subfield code="w">(OCoLC)909225515</subfield></datafield></record>